@book {AssemSimsonSkowronski,
	AUTHOR = {Assem, Ibrahim and Simson, Daniel and Skowro\'nski, Andrzej},
	TITLE = {Elements of the representation theory of associative algebras. {V}ol. 1},
	SERIES = {London Mathematical Society Student Texts},
	VOLUME = {65},
	NOTE = {Techniques of representation theory},
	PUBLISHER = {Cambridge University Press, Cambridge},
	YEAR = {2006},
	PAGES = {x+458},
}

@book {Schiffler,
	AUTHOR = {Schiffler, Ralf},
	TITLE = {Quiver representations},
	SERIES = {CMS Books in Mathematics/Ouvrages de Math\'ematiques de la SMC},
	PUBLISHER = {Springer, Cham},
	YEAR = {2014},
	PAGES = {xii+230},
}


@article {PilaudSantosZiegler,
	AUTHOR = {Pilaud, Vincent and Santos, Francisco and Ziegler, G\"{u}nter M.},
	TITLE = {Celebrating {L}oday's associahedron},
	JOURNAL = {Arch. Math. (Basel)},
	FJOURNAL = {Archiv der Mathematik},
	VOLUME = {121},
	YEAR = {2023},
	NUMBER = {5-6},
	PAGES = {559--601},
}

@phdthesis{Tamari,
	AUTHOR = {Dov Tamari},
	TITLE = {Monoides pr\'eordonn\'es et cha\^ines de Malcev},
	SCHOOL = {Universit\'e Paris Sorbonne},
	YEAR = {1951},
}

@book {ShniderSternberg,
	AUTHOR = {Steve~Shnider and Shlomo~Sternberg},
	TITLE = {Quantum groups: From coalgebras to {D}rinfeld algebras},
	SERIES = {Series in Mathematical Physics},
	PUBLISHER = {International Press},
	ADDRESS = {Cambridge, MA},
	YEAR = {1993},
	PAGES = {592},
}

@article {Loday,
	AUTHOR = {Jean-Louis~Loday},
	TITLE = {Realization of the {S}tasheff polytope},
	JOURNAL = {Arch.~Math.~(Basel)},
	FJOURNAL = {Archiv der Mathematik},
	VOLUME = {83},
	YEAR = {2004},
	NUMBER = {3},
	PAGES = {267--278},
}

@inproceedings {Tonks,
	AUTHOR = {Tonks, Andy},
	TITLE = {Relating the associahedron and the permutohedron},
	BOOKTITLE = {Operads: {P}roceedings of {R}enaissance {C}onferences ({H}artford, {CT}/{L}uminy, 1995)},
	SERIES = {Contemp. Math.},
	VOLUME = {202},
	PAGES = {33--36},
	PUBLISHER = {Amer. Math. Soc., Providence, RI},
	YEAR = {1997},
}

@article {HohlwegLange,
	AUTHOR = {Christophe~Hohlweg and Carsten~Lange},
	TITLE = {Realizations of the associahedron and cyclohedron},
	JOURNAL = {Discrete Comput.~Geom.},
	FJOURNAL = {Discrete \& Computational Geometry. An International Journal of Mathematics and Computer Science},
	VOLUME = {37},
	YEAR = {2007},
	NUMBER = {4},
	PAGES = {517--543}
}

@article {LangePilaud,
	AUTHOR = {Lange, Carsten and Pilaud, Vincent},
	TITLE = {Associahedra via spines},
	JOURNAL = {Combinatorica},
	FJOURNAL = {Combinatorica. An International Journal on Combinatorics and the Theory of Computing},
	VOLUME = {38},
	YEAR = {2018},
	NUMBER = {2},
	PAGES = {443--486},
}

@article {PilaudSantos-brickPolytope,
	AUTHOR = {Vincent~Pilaud and Francisco~Santos},
	TITLE = {The brick polytope of a sorting network},
	JOURNAL = {European~J.~Combin.},
	FJOURNAL = {European Journal of Combinatorics},
	VOLUME = {33},
	YEAR = {2012},
	NUMBER = {4},
	PAGES = {632--662},
}

@article {FominZelevinsky-ClusterAlgebrasI,
	AUTHOR = {Sergey Fomin and Andrei Zelevinsky},
	TITLE = {Cluster algebras. {I}. {F}oundations},
	JOURNAL = {J. Amer. Math. Soc.},
	FJOURNAL = {Journal of the American Mathematical Society},
	VOLUME = {15},
	YEAR = {2002},
	NUMBER = {2},
	PAGES = {497--529},
}

@article {FominZelevinsky-ClusterAlgebrasII,
	AUTHOR = {Sergey Fomin and Andrei Zelevinsky},
	TITLE = {Cluster algebras. {II}. {F}inite type classification},
	JOURNAL = {Invent. Math.},
	FJOURNAL = {Inventiones Mathematicae},
	VOLUME = {154},
	YEAR = {2003},
	NUMBER = {1},
	PAGES = {63--121},
}

@article {PilaudStump-brickPolytope,
	AUTHOR = {Vincent Pilaud and Christian Stump},
	TITLE = {Brick polytopes of spherical subword complexes and generalized associahedra},
	FJOURNAL = {Advances in Mathematics},
	JOURNAL = {Adv. Math.},
	PAGES = {1--61},
	VOLUME = {276},
	YEAR = {2015},
}

@article {Reading-CambrianLattices,
	AUTHOR = {Nathan~Reading},
	TITLE = {Cambrian lattices},
	JOURNAL = {Adv.~Math.},
	FJOURNAL = {Advances in Mathematics},
	VOLUME = {205},
	YEAR = {2006},
	NUMBER = {2},
	PAGES = {313--353},
}

@article {ReadingSpeyer,
	AUTHOR = {Nathan~Reading and David~E.~Speyer},
	TITLE = {Cambrian fans},
	JOURNAL = {J.~Eur.~Math.~Soc.},
	FJOURNAL = {Journal of the European Mathematical Society (JEMS)},
	VOLUME = {11},
	YEAR = {2009},
	NUMBER = {2},
	PAGES = {407--447}
}

@article {Reading-arcDiagrams,
	AUTHOR = {Reading, Nathan},
	TITLE = {Noncrossing arc diagrams and canonical join representations},
	JOURNAL = {SIAM J. Discrete Math.},
	FJOURNAL = {SIAM Journal on Discrete Mathematics},
	VOLUME = {29},
	YEAR = {2015},
	NUMBER = {2},
	PAGES = {736--750},
}

@article {AlbertinPilaud,
	AUTHOR = {Albertin, Doriann and Pilaud, Vincent},
	TITLE = {The canonical complex of the weak order},
	JOURNAL = {Order},
	FJOURNAL = {Order. A Journal on the Theory of Ordered Sets and its Applications},
	VOLUME = {40},
	YEAR = {2023},
	NUMBER = {2},
	PAGES = {349--370},
}

@incollection{Reading-survey,
	AUTHOR = {Nathan Reading},
	BOOKTITLE = {Associahedra, Tamari Lattices and Related Structures~--~Tamari Memorial Festschrift},
	EDITOR = {Folkert~M{\"u}ller-Hoissen and Jean~Pallo and Jim~Stasheff},
	PAGES = {293--322},
	PUBLISHER = {Birkh{\"a}user},
	SERIES = {Progress in Mathematics},
	TITLE = {From the Tamari Lattice to Cambrian Lattices and Beyond},
	VOLUME = {299},
	YEAR = {2012}
}

@article {PilaudSantos-quotientopes,
	AUTHOR = {Vincent Pilaud and Francisco Santos},
	TITLE = {Quotientopes},
	JOURNAL = {Bull. Lond. Math. Soc.},
	FJOURNAL = {Bulletin of the London Mathematical Society},
	YEAR = {2019},
	VOLUME = {51},
	NUMBER = {3},
	PAGES = {406--420}
}

@article {PadrolPilaudRitter,
	AUTHOR = {Arnau Padrol and Vincent Pilaud and Julian Ritter},
	TITLE = {Shard polytopes},
	JOURNAL = {Int. Math. Res. Not. IMRN},
	FJOURNAL = {International Mathematics Research Notices. IMRN},
	YEAR = {2023},
	NUMBER = {9},
	PAGES = {7686--7796},
}

@article {Mizuno,
	AUTHOR = {Mizuno, Yuya},
	TITLE = {Classifying {$\tau$}-tilting modules over preprojective algebras of {D}ynkin type},
	JOURNAL = {Math. Z.},
	FJOURNAL = {Mathematische Zeitschrift},
	VOLUME = {277},
	YEAR = {2014},
	NUMBER = {3-4},
	PAGES = {665--690},
}

@article {HoangMutze,
	AUTHOR = {Hoang, Hung P. and M\"{u}tze, Torsten},
	TITLE = {Combinatorial generation via permutation languages. {II}. {L}attice congruences},
	JOURNAL = {Israel J. Math.},
	FJOURNAL = {Israel Journal of Mathematics},
	VOLUME = {244},
	YEAR = {2021},
	NUMBER = {1},
	PAGES = {359--417},
}

% Hopf algebras

@article {MalvenutoReutenauer,
	AUTHOR = {Malvenuto, Claudia and Reutenauer, Christophe},
	TITLE = {Duality between quasi-symmetric functions and the {S}olomon descent algebra},
	JOURNAL = {J. Algebra},
	FJOURNAL = {Journal of Algebra},
	VOLUME = {177},
	YEAR = {1995},
	NUMBER = {3},
	PAGES = {967--982},
}

@article {LodayRonco,
	AUTHOR = {Loday, Jean-Louis and Ronco, Mar{\'{\i}}a O.},
	TITLE = {Hopf algebra of the planar binary trees},
	JOURNAL = {Adv. Math.},
	FJOURNAL = {Advances in Mathematics},
	VOLUME = {139},
	YEAR = {1998},
	NUMBER = {2},
	PAGES = {293--309},
}

@article {HivertNovelliThibon-algebraBinarySearchTrees,
	AUTHOR = {Hivert, Florent and Novelli, Jean-Christophe and Thibon, Jean-Yves},
	TITLE = {The algebra of binary search trees},
	JOURNAL = {Theoret. Comput. Sci.},
	FJOURNAL = {Theoretical Computer Science},
	VOLUME = {339},
	YEAR = {2005},
	NUMBER = {1},
	PAGES = {129--165},
}

@article {Reading-HopfAlgebras,
	AUTHOR = {Reading, Nathan},
	TITLE = {Lattice congruences, fans and {H}opf algebras},
	JOURNAL = {J. Combin. Theory Ser. A},
	FJOURNAL = {Journal of Combinatorial Theory. Series A},
	VOLUME = {110},
	YEAR = {2005},
	NUMBER = {2},
	PAGES = {237--273},
}

@article {Giraudo,
	AUTHOR = {Giraudo, Samuele},
	TITLE = {Algebraic and combinatorial structures on pairs of twin binary trees},
	JOURNAL = {J. Algebra},
	FJOURNAL = {Journal of Algebra},
	VOLUME = {360},
	YEAR = {2012},
	PAGES = {115--157},
}

@article {LawReading,
	AUTHOR = {Law, Shirley and Reading, Nathan},
	TITLE = {The {H}opf algebra of diagonal rectangulations},
	JOURNAL = {J. Combin. Theory Ser. A},
	FJOURNAL = {Journal of Combinatorial Theory. Series A},
	VOLUME = {119},
	YEAR = {2012},
	NUMBER = {3},
	PAGES = {788--824},
}

@article {Reading-rectangulations,
	AUTHOR = {Reading, Nathan},
	TITLE = {Generic rectangulations},
	JOURNAL = {European J. Combin.},
	FJOURNAL = {European Journal of Combinatorics},
	VOLUME = {33},
	YEAR = {2012},
	NUMBER = {4},
	PAGES = {610--623},
}

@article {CardinalPilaud,
	AUTHOR = {Cardinal, Jean and Pilaud, Vincent},
	TITLE = {Rectangulotopes},
	JOURNAL = {European J. Combin.},
	FJOURNAL = {European Journal of Combinatorics},
	VOLUME = {125},
	YEAR = {2025},
	PAGES = {Paper No. 104090},
}

@article {ChatelPilaud,
	AUTHOR = {Gr\'egory Chatel and Vincent Pilaud},
	TITLE = {{C}ambrian {H}opf {Algebras}},
	JOURNAL = {Adv. Math.},
	FJOURNAL = {Advances in Mathematics},
	VOLUME = {311},
	YEAR = {2017},
	PAGES = {598--633},
}

@article{NovelliReutenauerThibon,
	AUTHOR = {Novelli, Jean-Christophe and Reutenauer, Christophe and Thibon, Jean-Yves},
	TITLE = {Generalized descent patterns in permutations and associated {H}opf algebras},
	JOURNAL = {European J. Combin.},
	FJOURNAL = {European Journal of Combinatorics},
	VOLUME = {32},
	YEAR = {2011},
	NUMBER = {4},
	PAGES = {618--627},
}

@article {PilaudPons-permutrees,
	AUTHOR = {Pilaud, Vincent and Pons, Viviane},
	TITLE = {Permutrees},
	JOURNAL = {Algebraic Combinatorics},
	PUBLISHER = {MathOA foundation},
	VOLUME = {1},
	NUMBER = {2},
	YEAR = {2018},
	PAGES = {173--224},
}

@article {Pilaud-brickAlgebra,
	AUTHOR = {Vincent Pilaud},
	TITLE = {Brick polytopes, lattice quotients, and {H}opf algebras},
	JOURNAL = {J. Combin. Theory Ser. A},
	FJOURNAL = {Journal of Combinatorial Theory. Series A},
	VOLUME = {155},
	YEAR = {2018},
	PAGES = {418--457},
}

@unpublished {Law,
	AUTHOR = {Shirley Law},
	TITLE = {Combinatorial Realization of the {H}opf Algebra of Sashes},
 	NOTE = {Preprint, \href{http://arxiv.org/abs/1407.4073}{\texttt{arXiv:1407.4073}}}, 
	YEAR = {2014},
}

@unpublished {LaniniNovelli,
	AUTHOR = {Martina Lanini and Jean-Christophe Novelli},
	TITLE = {Lattice congruences on symmetric groups coming from quiver representation theory},
 	NOTE = {In preparation},
	YEAR = {2025},
}

@article {Pilaud-arcDiagramAlgebra,
	AUTHOR = {Pilaud, Vincent},
	TITLE = {Hopf algebras on decorated noncrossing arc diagrams},
	JOURNAL = {J. Combin. Theory Ser. A},
	FJOURNAL = {Journal of Combinatorial Theory. Series A},
	VOLUME = {161},
	YEAR = {2019},
	PAGES = {486--507},
}

@article {BarnardMcConville,
	AUTHOR = {Barnard, Emily and McConville, Thomas},
	TITLE = {Lattices from graph associahedra and subalgebras of the {M}alvenuto-{R}eutenauer algebra},
	JOURNAL = {Algebra Universalis},
	FJOURNAL = {Algebra Universalis},
	VOLUME = {82},
	YEAR = {2021},
	NUMBER = {1},
	PAGES = {Paper No. 2, 53},
}

@incollection {Thomas-TamariQuiverRepresentations,
	AUTHOR = {Thomas, Hugh},
	TITLE = {The {T}amari lattice as it arises in quiver representations},
	BOOKTITLE = {Associahedra, {T}amari lattices and related structures},
	SERIES = {Progr. Math.},
	VOLUME = {299},
	PAGES = {281--291},
	PUBLISHER = {Birkh\"{a}user/Springer, Basel},
	YEAR = {2012},
}

@article {DemonetIyamaReadingReitenThomas,
	AUTHOR = {Demonet, Laurent and Iyama, Osamu and Reading, Nathan and Reiten, Idun and Thomas, Hugh},
	TITLE = {Lattice theory of torsion classes: {B}eyond {$\tau$}-tilting theory},
	JOURNAL = {Trans. Amer. Math. Soc. Ser. B},
	FJOURNAL = {Transactions of the American Mathematical Society. Series B},
	VOLUME = {10},
	YEAR = {2023},
	PAGES = {542--612},
}

@article {Thomas-surveyTorsionClasses,
	AUTHOR = {Thomas, Hugh},
	TITLE = {An introduction to the lattice of torsion classes},
	JOURNAL = {Bull. Iranian Math. Soc.},
	FJOURNAL = {Bulletin of the Iranian Mathematical Society},
	VOLUME = {47},
	YEAR = {2021},
	NUMBER = {suppl.~1},
	PAGES = {S35--S55},
}

@article {AdachiIyamaReiten,
	AUTHOR = {Adachi, Takahide and Iyama, Osamu and Reiten, Idun},
	TITLE = {{$\tau$}-tilting theory},
	JOURNAL = {Compos. Math.},
	FJOURNAL = {Compositio Mathematica},
	VOLUME = {150},
	YEAR = {2014},
	NUMBER = {3},
	PAGES = {415--452},
}

@article {Mizuno-arcDiagrams,
	AUTHOR = {Mizuno, Yuya},
	TITLE = {Arc diagrams and 2-term simple-minded collections of preprojective algebras of type {$A$}},
	JOURNAL = {J. Algebra},
	FJOURNAL = {Journal of Algebra},
	VOLUME = {595},
	YEAR = {2022},
	PAGES = {444--478},
}

@article {BarnardCarrollZhu,
	AUTHOR = {Barnard, Emily and Carroll, Andrew and Zhu, Shijie},
	TITLE = {Minimal inclusions of torsion classes},
	JOURNAL = {Algebr. Comb.},
	FJOURNAL = {Algebraic Combinatorics},
	VOLUME = {2},
	YEAR = {2019},
	NUMBER = {5},
	PAGES = {879--901},
}

@article {AlbertinPilaudRitter,
	AUTHOR = {Albertin, Doriann and Pilaud, Vincent and Ritter, Julian},
	TITLE = {Removahedral congruences versus permutree congruences},
	JOURNAL = {Electron. J. Combin.},
	FJOURNAL = {Electronic Journal of Combinatorics},
	VOLUME = {28},
	YEAR = {2021},
	NUMBER = {4},
	PAGES = {Paper No. 4.8, 38},
}

@unpublished {BarnardCoelhoSimoesGunawanSchiffler,
	AUTHOR = {Emily Barnard and Raquel Coelho Simoes and Emily Gunawan and Ralf Schiffler},
	TITLE = {Maximal almost rigid modules over gentle algebras},
 	NOTE = {Preprint, \href{http://arxiv.org/abs/2408.16904}{\texttt{arXiv:2408.16904}}}, 
	YEAR = {2024},
}
